@article{middleton_shadbolt_roure_2004, title={Ontological user profiling in recommender systems}, volume={22}, DOI={10.1145/963770.963773}, number={1}, journal={ACM Transactions on Information Systems}, author={Middleton, Stuart E. and Shadbolt, Nigel R. and Roure, David C. De}, year={2004}, pages={54–88}}

@article{johnson_1971, title={Market Segmentation: A Strategic Management Tool}, volume={8}, DOI={10.2307/3149720}, number={1}, journal={Journal of Marketing Research}, author={Johnson, Richard M.}, year={1971}, pages={13}}

@article{jain_2010, title={Data clustering: 50 years beyond K-means}, volume={31}, DOI={10.1016/j.patrec.2009.09.011}, number={8}, journal={Pattern Recognition Letters}, author={Jain, Anil K.}, year={2010}, pages={651–666}}

@misc{marbut_2018, title={Submitter Segmentation}, url={https://annamarbut.blogspot.com/2018/12/submitter-segmentation.html}, journal={Anna Marbut: Blog}, author={Marbut, Anna}, year={2018}, month={Dec}}

@article{cufoglu_lohi_madani_2009, title={A Comparative Study of Selected Classifiers with Classification Accuracy in User Profiling}, DOI={10.1109/csie.2009.954}, journal={2009 WRI World Congress on Computer Science and Information Engineering}, author={Cufoglu, Ayse and Lohi, Mahi and Madani, Kambiz}, year={2009}}

@inbook{pennacchiotti_popescu_2011, title={ AAAI Conference on Weblogs and Social Media}, booktitle={A Machine Learning Approach to Twitter User Classification}, author={Pennacchiotti, Marco and Popescu, Ana-Maria}, year={2011}, pages={281–288}}

@article{rao_yarowsky_shreevats_gupta_2010, title={Classifying latent user attributes in twitter}, DOI={10.1145/1871985.1871993}, journal={Proceedings of the 2nd international workshop on Search and mining user-generated contents - SMUC 10}, author={Rao, Delip and Yarowsky, David and Shreevats, Abhishek and Gupta, Manaswi}, year={2010}}

@book{page_brin_motwani_winograd_1999, title={The PageRank Citation Ranking: Bringing Order to the Web}, journal={The PageRank Citation Ranking: Bringing Order to the Web}, author={Page, Lawrence and Brin, Sergey and Motwani, Rajeev and Winograd, Terry}, year={1999}}

@book{heidemann_klier_probst_2012, title={Identifying Key Users in Online Social Networks: A PageRank Based Approach}, journal={Identifying Key Users in Online Social Networks: A PageRank Based Approach}, author={Heidemann, Julie and Klier, Mathias and Probst, Florian}, year={2012}}

@article{haveliwala_2002, title={Topic-sensitive PageRank}, DOI={10.1145/511446.511513}, journal={Proceedings of the eleventh international conference on World Wide Web - WWW 02}, author={Haveliwala, Taher H.}, year={2002}}

@article{weng_lim_jiang_he_2010, title={TwitterRank}, DOI={10.1145/1718487.1718520}, journal={Proceedings of the third ACM international conference on Web search and data mining - WSDM 10}, author={Weng, Jianshu and Lim, Ee-Peng and Jiang, Jing and He, Qi}, year={2010}}